@inproceedings{david2018ouroboros,
  title={Ouroboros praos: An adaptively-secure, semi-synchronous proof-of-stake blockchain},
  author={David, Bernardo and Ga{\v{z}}i, Peter and Kiayias, Aggelos and Russell, Alexander},
  booktitle={Advances in Cryptology--EUROCRYPT 2018: 37th Annual International Conference on the Theory and Applications of Cryptographic Techniques, Tel Aviv, Israel, April 29-May 3, 2018 Proceedings, Part II 37},
  pages={66--98},
  year={2018},
  organization={Springer}
}

@inproceedings{badertscher2018ouroboros,
  title={Ouroboros genesis: Composable proof-of-stake blockchains with dynamic availability},
  author={Badertscher, Christian and Ga{\v{z}}i, Peter and Kiayias, Aggelos and Russell, Alexander and Zikas, Vassilis},
  booktitle={Proceedings of the 2018 ACM SIGSAC Conference on Computer and Communications Security},
  pages={913--930},
  year={2018}
}

@inproceedings{chaidos2024approximate,
  title={Approximate lower bound arguments},
  author={Chaidos, Pyrros and Kiayias, Aggelos and Reyzin, Leonid and Zinovyev, Anatoliy},
  booktitle={Annual International Conference on the Theory and Applications of Cryptographic Techniques},
  pages={55--84},
  year={2024},
  organization={Springer}
}
